@ARTICLE{10032052,
  author={Mikofski, Mark A. and Holmgren, William F. and Newmiller, Jeffrey and Kharait, Rounak},
  journal={IEEE Journal of Photovoltaics}, 
  title={Effects of Solar Resource Sampling Rate and Averaging Interval on Hourly Modeling Errors}, 
  year={2023},
  volume={13},
  number={2},
  pages={202-207},
  doi={10.1109/JPHOTOV.2023.3238512}}
